<?xml version="1.0" encoding="UTF-8"?><collection xmlns="http://www.loc.gov/MARC21/slim"><record><leader>00477nam--2200145-i-4500</leader><controlfield tag="001">000015103</controlfield><controlfield tag="002">20161230</controlfield><controlfield tag="005">20161230201031</controlfield><controlfield tag="008">060222s1000------------r-----000-0-eng-d</controlfield><datafield ind1=" " ind2=" " tag="080"><subfield code="a">537.222.22:54-12</subfield></datafield><datafield ind1=" " ind2=" " tag="100"><subfield code="a">Chizhevskaya, Svetlana N., Glagoleva, Natalya. Glazov, Vasilii M</subfield></datafield><datafield ind1=" " ind2=" " tag="245"><subfield code="a">Liquid semiconductors.translated from russian by:albin tybulewicz</subfield></datafield><datafield ind1=" " ind2=" " tag="260"><subfield code="a">New York, Plenum Press, 1969. Xii + 362 P</subfield></datafield><datafield ind1=" " ind2=" " tag="490"><subfield code="a">Monographs In Semiconductor Physics</subfield></datafield><datafield ind1=" " ind2=" " tag="852"><subfield code="a">77299</subfield></datafield></record></collection>